@misc{Digital18:online, author = {}, title = {Digital buyers worldwide 2021 | Statista}, howpublished = {\url{https://www.statista.com/statistics/251666/number-of-digital-buyers-worldwide/}}, month = {}, year = {}, note = {(Accessed on 05/08/2020)} }

@misc{30000Web65:online,
author = {},
title = {30,000 Web Sites Hacked A Day. How Do You Host Yours?},
howpublished = {\url{https://www.forbes.com/sites/jameslyne/2013/09/06/30000-web-sites-hacked-a-day-how-do-you-host-yours/#3fa94f761738}},
month = {},
year = {},
note = {(Accessed on 05/08/2020)}
}

@misc{Whyandwh4:online,
author = {},
title = {Why and when to use API keys  |  Cloud Endpoints with OpenAPI},
howpublished = {\url{https://cloud.google.com/endpoints/docs/openapi/when-why-api-key#security_of_api_keys}},
month = {},
year = {},
note = {(Accessed on 05/08/2020)}
}

@misc{dotenvnp6:online,
author = {},
title = {dotenv - npm},
howpublished = {\url{https://www.npmjs.com/package/dotenv}},
month = {},
year = {},
note = {(Accessed on 05/08/2020)}
}

@book{siriwardena2014advanced,
  title={Advanced API Security},
  author={Siriwardena, Prabath},
  year={2014},
  publisher={Springer},
  pages={118}
}

@misc{JSONWebT36:online,
author = {},
title = {JSON Web Token Introduction - jwt.io},
howpublished = {\url{https://jwt.io/introduction/}},
month = {},
year = {},
note = {(Accessed on 05/08/2020)}
}